@article{Ackermann:2013zfa,
      author         = "Ackermann, M. and Ajello, M. and Asano, K. and Axelsson,
                        M. and Baldini, L. and others",
      title          = "{The First Fermi-LAT Gamma-Ray Burst Catalog}",
      journal        = "Astrophys.J.Suppl.",
      volume         = "209",
      pages          = "11",
      doi            = "10.1088/0067-0049/209/1/11",
      year           = "2013",
      SLACcitation   = "%%CITATION = APJSA,209,11;%%",
      eprint         = "1303.2908",
      archivePrefix  = "arXiv",
      primaryClass   = "astro-ph.HE",
}