@article{Ackermann:2013zfa,
    author  = "M Ackermann et al.",
    title   = "The First {F}ermi {LAT} Gamma-Ray Burst Catalog",
    year    = "2013",
    journal = "AstrophysJSuppl",
    volume  = "209",
    number  = "1",
    pages   = "11"
}